
@article{abbrev,
   Author = {surname, A. and surname, N.},
   Title = {title},
   Journal = {Journal name},
   Volume = {x},
   Number = {x},
   Pages = {xxx-xxx},
 Year = {2007} 
 }

